@INPROCEEDINGS{cripriano2010overview, 
author={Cipriano, A.M. and Gagneur, P. and Vivier, G. and Sezginer, S.}, 
booktitle={IEEE 21st Int. Symp. on Personal, Indoor and Mobile Radio Commun. (PIMRC) Workshops}, 
title={{Overview of ARQ and HARQ in beyond 3G systems}}, 
year={2010}, 
month={Sep.}, 
pages={424-429}, 
keywords={3G mobile communication;Long Term Evolution;automatic repeat request;telecommunication standards;3GPP long term evolution;automatic repeat request;beyond 3rd generation wireless systems;hybrid ARQ;Automatic repeat request;Forward error correction;Logic gates;Protocols;Receivers;Signal to noise ratio;Throughput;ARQ;HARQ;IEEE 802.16;LTE;LTE-A;WIMAX}, 
doi={10.1109/PIMRCW.2010.5671369},}

@INPROCEEDINGS{iannello2009throughput, 
author={Iannello, F. and Simeone, O.}, 
booktitle={Proc. 43rd Conf. Inform. Sci. Syst. (CISS)}, 
title={{Throughput analysis of type-I HARQ strategies in two-Way relay channels}}, 
year={2009}, 
month={Mar.}, 
pages={539-544}, 
keywords={automatic repeat request;channel coding;decoding;fading channels;protocols;amplify-and-forward techniques;decode-and-forward techniques;lattice code-based strategies;partial channel state information;protocols;quasistatic fading channel;two-way relay channel;type-I HARQ strategies;AWGN;Channel state information;Code standards;Decoding;Fading;Lattices;Protocols;Relays;Throughput;Upper bound}, 
doi={10.1109/CISS.2009.5054779},}

@ARTICLE{choi2013energy, 
author={Choi, J.  and To, D. and Wu, Y. and Xu, S.}, 
journal=IEEE_J_WCOM, 
title={{Energy-delay tradeoff for wireless relay systems using HARQ with incremental redundancy}}, 
year={2013}, 
month={Feb.}, 
volume={12}, 
number={2}, 
pages={561-573}, 
keywords={Rayleigh channels;automatic repeat request;decoding;network coding;redundancy;relay networks (telecommunication);DN;EDT;HARQ-IR;Rayleigh fading channels;SN;decoding;destination node;energy efficiency;energy-delay tradeoff;hybrid automatic repeat request protocol with incremental redundancy;one-way relay system;relay-aided transmissions;short delay constraint;source node;transmission power;two-way relay systems;wireless relay systems;Delay;Protocols;Relays;Resource management;Signal to noise ratio;Tin;Wireless communication;Energy efficiency;hybrid automatic repeat request (HARQ) protocols;wireless relay systems}, 
doi={10.1109/TWC.2012.121712.111811}, 
ISSN={1536-1276},}

@ARTICLE{xu2014diversity, 
author={Xu, K. and Gao, Y. and Xu, Y. and Yang, W.}, 
journal=IEEE_J_VT, 
title={{Diversity-multiplexing tradeoff analysis of AF two-way relaying channel with hybrid ARQ over Rayleigh fading channels}}, 
year={2014}, 
month={Mar.}, 
volume={63}, 
number={3}, 
pages={1504-1510}, 
keywords={Rayleigh channels;amplify and forward communication;automatic repeat request;decoding;message passing;relay networks (telecommunication);telecommunication network reliability;AF two-way relaying channel;DMT;HARQ;Rayleigh fading channels;TWRC;amplify-and-forward mode;diversity-multiplexing tradeoff analysis;hybrid ARQ;hybrid automatic repeat request;message decoding;outage probability;transmission delay;Amplify-and-forward (AF);diversityâ€“multiplexing tradeoff (DMT);hybrid automatic repeat request (HARQ);two-way relaying}, 
doi={10.1109/TVT.2013.2265896}, 
ISSN={0018-9545},}

@ARTICLE{popovski2007wireless, 
author={Popovski, P. and Yomo, H.}, 
journal=IEEE_J_COML, 
title={Wireless network coding by amplify-and-forward for bi-directional traffic flows}, 
year={2007}, 
month={Jan.}, 
volume={11}, 
number={1}, 
pages={16-18}, 
keywords={decoding;encoding;multi-access systems;packet radio networks;telecommunication traffic;wireless channels;amplify-forward method;bidirectional traffic flows;decoded packet;multihop wireless networks;multiple access channel;network coding;relaying method;Additive noise;Bidirectional control;Broadcasting;Decoding;Interference;Network coding;Relays;Telecommunication traffic;Throughput;Wireless networks}, 
doi={10.1109/LCOMM.2007.061436}, 
ISSN={1089-7798},}

@ARTICLE{chen2012arq,
author={Chen, Z. and Gong, Q. and Zhang, . and Wei, G.},
journal={Int. J. Distributed Sensor Networks}, 
title={{ARQ protocols for two-way wireless relay systems: design and performance analysis}},
year={2012},
volume={2012},
pages={980 241-1--980 241-13}, 
}

@article{vien2011efficient,
  title={{Efficient ARQ retransmission schemes for two-way relay networks}},
  author={Vien, Quoc-Tuan and Tran, Le-Nam and Nguyen, Huan X},
  journal={Journal of Communication Software and Systems},
  volume={7},
  number={1},
  year={2011},
  publisher={Croatian Communications and Information Society}
}

@ARTICLE{luo2015amplify, 
author={Sheng Luo and Kah Chan Teh}, 
journal={Communications Letters, IEEE}, 
title={Amplify-and-Forward Based Two-Way Relay ARQ System With Relay Combination}, 
year={2015}, 
month={Feb}, 
volume={19}, 
number={2}, 
pages={299-302}, 
keywords={amplify and forward communication;automatic repeat request;diversity reception;routing protocols;telecommunication network reliability;AF based two-way relay system;ARQ process;ARQ protocol;ARQ scheme;MMC scheme;MSC scheme;amplify-and-forward based two-way relay ARQ system;automatic repeat request protocol;maximal minimum signal-to-noise ratio combining;maximal sum signal-to-noise ratio combining;relay combination;relay node;reliability;Automatic repeat request;Buffer storage;Complexity theory;Eigenvalues and eigenfunctions;Relays;Signal to noise ratio;Vectors;Cooperative relaying;buffer-aided relaying;bufferaided relaying;two-way relay ARQ;two-way relay automatic repeat request (ARQ)}, 
doi={10.1109/LCOMM.2014.2379272}, 
ISSN={1089-7798},}

@ARTICLE{guan2015twoway, 
author={Guan, W. and Liu, K.J.R.}, 
journal=IEEE_J_WCOM, 
title={{Two-way network-coded relaying with delay constraint}}, 
year={2015}, 
month={Jan.}, 
volume={14}, 
number={1}, 
pages={191-204}, 
keywords={automatic repeat request;channel coding;decoding;fading channels;network coding;relay networks (telecommunication);automatic repeat-request protocol;binary XOR-based network coding;channel outage;delay constraint;digital network coding;frame length;hybrid network coding scheme;multirelay networks;near-optimum power allocation scheme;packet decoding;packet loss mitigation;random channel fading;receiver;relay nodes;source node;system throughput;throughput gain;transmission delay;two-way network-coded relaying;upper bound;wireless two-way relay channels;Automatic repeat request;Delays;Network coding;Receivers;Relays;Throughput;Wireless communication;Network coding;delay;relay;throughput}, 
doi={10.1109/TWC.2014.2335202}, 
ISSN={1536-1276},}

@ARTICLE{chase1985code, 
author={Chase, D.}, 
journal=IEEE_J_COM, 
title={Code Combining--A Maximum-Likelihood Decoding Approach for Combining an Arbitrary Number of Noisy Packets}, 
year={1985}, 
month={May}, 
volume={33}, 
number={5}, 
pages={385-393}, 
keywords={maximum-likelihood (ML) decoding;Additive noise;Channel capacity;Delay;Digital communication;Error analysis;Gaussian noise;Interference;Jamming;Maximum likelihood decoding;Redundancy}, 
doi={10.1109/TCOM.1985.1096314}, 
ISSN={0090-6778},}

@ARTICLE{TS25.308,
author={{3GPP TS25.308}},
title={{UMTS HSDPA Overall description; Stage 2 (Release 12)}},
note={v12.2.0},
year={2015}, 
month={Jan.}, 
}

@book{sesia2009lte,
  title={LTE: the UMTS long term evolution},
  author={Sesia, S. and Toufik, I. and Baker, M.},
  year={2009},
  publisher={Wiley Online Library}
}

@ARTICLE{benelli1992new, 
    author={Benelli, G.}, 
    journal=IEEE_J_COM, 
    title={A new method for the integration of modulation and channel coding in an {ARQ} protocol}, 
    year={1992}, 
    month={Oct.}, 
    volume={40}, 
    number={10}, 
    pages={1594-1606}, 
    keywords={block codes;encoding;frequency shift keying;phase shift keying;protocols;ARQ protocol;CPFSK;Euclidean distances;M-ary PSK;automatic-repeat-request;channel coding;codeword;continuous-phase frequency shift keying modulation;encoding operation;error probability;modulation;short block codes;throughput;Automatic repeat request;Block codes;Channel coding;Error probability;Frequency modulation;Frequency shift keying;Modulation coding;Phase shift keying;Protocols;Throughput}, 
    doi={10.1109/26.168790}, 
    ISSN={0090-6778},
}

@ARTICLE{harvind2005symbol, 
    author={Samra, H. and Ding, Z. and Hahn, P.M.}, 
    journal=IEEE_J_COM, 
    title={Symbol mapping diversity design for multiple packet transmissions}, 
    year={2005}, 
    month={May}, 
    volume={53}, 
    number={5}, 
    pages={810-817}, 
    keywords={AWGN channels;communication complexity;diversity reception;error statistics;fading channels;phase shift keying;quadrature amplitude modulation;AWGN;BER;PSK;QAM;additive white Gaussian noise;bit error rate;flat-fading channel;multiple packet transmission;nonbinary linear modulation;optimal adaptation scheme;phase-shift keying;quadratic assignment problem;quadrature amplitude modulation;receiver complexity;symbol mapping diversity design;AWGN;Amplitude modulation;Automatic repeat request;Bit error rate;Diversity methods;Diversity reception;Phase modulation;Phase shift keying;Protocols;Quadrature amplitude modulation;Automatic repeat request (ARQ);diversity methods;fading channels;quadratic assignment problem (QAP);retransmission diversity;symbol mapping diversity}, 
    doi={10.1109/TCOMM.2005.847132}, 
    ISSN={0090-6778},
}

@ARTICLE{seddik2008trans, 
    author={Seddik, K.G. and Ibrahim, A.S. and Liu, K.J.R.}, 
    journal=IEEE_J_COML, 
    title={Trans-Modulation in Wireless Relay Networks}, 
    year={2008}, 
    month={Mar.}, 
    volume={12}, 
    number={3}, 
    pages={170-172}, 
    keywords={quadrature amplitude modulation;radio networks;16-QAM constellation;decode-and-forward relay networks;symbol error rate;transmodulation design;wireless relay networks;AWGN;Automatic repeat request;Bit error rate;Decoding;Error analysis;Euclidean distance;Relays;Transmitters;Transmitting antennas;Wireless application protocol}, 
    doi={10.1109/LCOMM.2008.071734}, 
    ISSN={1089-7798},
}

@ARTICLE{khormuji2008rate, 
    author={Khormuji, M.N. and Larsson, E.G.}, 
    journal=IEEE_J_COML, 
    title={Rate-Optimized Constellation Rearrangement for the Relay Channel}, 
    year={2008}, 
    month={Sep.}, 
    volume={12}, 
    number={9}, 
    pages={618-620}, 
    keywords={telecommunication channels;forwarding strategy;rate-optimized constellation rearrangement;relay channel;signal constellation remapping;Additive noise;Constellation diagram;Councils;Digital relays;Frequency;Gaussian noise;Helium;Performance gain;Signal processing;Virtual reality;Relay channel;constellation mapping;detectand-forward;instantaneous relaying}, 
    doi={10.1109/LCOMM.2008.080898}, 
    ISSN={1089-7798},
}

@INPROCEEDINGS{kim2009design, 
    author={Kim, J.W.  and Lee, H.S. and Ahn, J.Y. and Kang, C.G.}, 
    booktitle={Proc. IEEE GLOBECOM}, 
    title={Design of Signal Constellation Rearrangement ({C}o{R}e) for Multiple Relay Links}, 
    year={2009}, 
    month={Nov.}, 
    pages={1-6}, 
    keywords={computational complexity;decoding;error statistics;genetic algorithms;radio links;BER;bit error rate;computational complexity;genetic algorithm;gray-mapping constraint;hybrid ARQ;joint log-likelihood ratio;minimal accumulated squared Euclidean distance;multiple links;multiple relay links;signal constellation rearrangement;signal constellations;sub-optimal bitto-symbol mappings;transmodulation;Bit error rate;Computational complexity;Constellation diagram;Decoding;Euclidean distance;Gain;Genetic algorithms;Protective relaying;Relays;Signal design}, 
    doi={10.1109/GLOCOM.2009.5425641}, 
    ISSN={1930-529X},
}

@INPROCEEDINGS{ryu2011ber, 
    author={Ryu, H.S. and Lee, J.S. and Kang, C.G.}, 
    booktitle={Proc. IEEE Int. Commun. Conf. (ICC)}, 
    title={{BER} Analysis of Constellation Rearrangement for Cooperative Relaying Networks over {N}akagami-$m$ Fading Channel}, 
    year={2011}, 
    month={Jun.}, 
    pages={1-5}, 
    keywords={Nakagami channels;Rayleigh channels;error statistics;BER analysis;Chernoff bound;CoRe;Nakagami-m fading channel;Rayleigh fading channel;constellation rearrangement;cooperative relay networks;parallel transmission system;Bit error rate;Constellation diagram;Fading;IEEE Communications Society;Relays;Simulation;Upper bound}, 
    doi={10.1109/icc.2011.5962775}, 
    ISSN={1550-3607},
}

@article{koopmans1957assignment,
  title={Assignment problems and the location of economic activities},
  author={Koopmans, T.C. and Beckmann, M.},
  journal={Econometrica: J. the Econometric Soc.},
  pages={53--76},
  year={1957},
  publisher={JSTOR}
}

@article{benlic2015memetic,
    title={Memetic search for the quadratic assignment problem},
    author={Benlic, U. and Hao, J.K.},
    journal={Expert Systems with Applications},
    volume={42},
    number={1},
    pages={584--595},
    year={2015},
    publisher={Elsevier}
}

@article{burkard1997qaplib,
  title={{QAPLIB}--a quadratic assignment problem library},
  author={Burkard, R.E. and Karisch, S.E. and Rendl, F.},
  journal={J. Global Optimization},
  volume={10},
  number={4},
  pages={391--403},
  year={1997},
  publisher={Springer}
}

@article{taillard1991robust,
  title={Robust taboo search for the quadratic assignment problem},
  author={Taillard, E.},
  journal={Parallel Computing},
  volume={17},
  number={4},
  pages={443--455},
  year={1991},
  publisher={Elsevier}
}

@article{proakisdigital,
  title={Digital Communications},
  author={Proakis, J.G.},
  journal={McGraw-Hill, New York},
  year={1995}
}

@ARTICLE{chiani2003new, 
author={Chiani, M. and Dardari, D. and Simon, M.K.}, 
journal=IEEE_J_WCOM, 
title={New exponential bounds and approximations for the computation of error probability in fading channels}, 
year={2003}, 
month={July}, 
volume={2}, 
number={4}, 
pages={840-845}, 
keywords={AWGN channels;differential phase shift keying;error statistics;fading channels;space-time codes;Gaussian Q function;M-ary differential phase-shift-keying;M-ary phase-shift-keying;additive white Gaussian noise channels;error probability;exponential bounds;fading channels;pairwise probability;space-time codes;Additive white noise;Differential phase shift keying;Error probability;Fading;Helium;Pairwise error probability;Phase shift keying;Software tools;Two dimensional displays;Upper bound}, 
doi={10.1109/TWC.2003.814350}, 
ISSN={1536-1276},}

@book{zwillinger2014table,
  title={Table of integrals, series, and products},
  author={Gradshteyn, I.S. and Ryzhik, I.M.},
  year={2014},
  publisher={Elsevier}
}

@ARTICLE{han2009performance, 
author={Han, Y. and Ting, S.H.  and Ho, C.K. and Chin, W.H.}, 
journal=IEEE_J_WCOM, 
title={Performance bounds for two-way amplify-and-forward relaying}, 
year={2009}, 
month={Jan}, 
volume={8}, 
number={1}, 
pages={432-439}, 
keywords={block codes;diversity reception;error statistics;harmonic analysis;orthogonal codes;relays;space-time codes;Alamouti orthogonal space time block code;gamma distributed random variables;pairwise error probability;power allocations;single antenna;spectrum efficiency loss;two-way amplify-and-forward relaying;Block codes;Broadcasting;Decoding;Digital relays;Frequency;Pairwise error probability;Protocols;Random variables;Shape;Transmitting antennas;Two-way relaying;amplify-and-forward;harmonic mean;pairwise error probability;space time block code}, 
doi={10.1109/T-WC.2009.080316}, 
ISSN={1536-1276},}

@ARTICLE{jing2006distributed, 
author={Jing, Y. and Hassibi, B.}, 
journal=IEEE_J_WCOM, 
title={Distributed Space-Time Coding in Wireless Relay Networks}, 
year={2006}, 
month={December}, 
volume={5}, 
number={12}, 
pages={3524-3536}, 
keywords={Digital relays;Diversity methods;Fading;Pairwise error probability;Power system relaying;Protocols;Space time codes;Transmitters;Transmitting antennas;Wireless communication}, 
doi={10.1109/TWC.2006.256975}, 
ISSN={1536-1276},}

@article{connolly1990improved,
title = {{An improved annealing scheme for the QAP}},
journal = {European J. Operational Research},
volume = {46},
number = {1},
pages = {93-100},
year = {1990},
issn = {0377-2217},
author = {Connolly, D.T.},
keywords = {Simulated annealing;heuristics},
abstract = {Recently there has been some interest in the use of Simulated Annealing to obtain â€˜goodâ€™ solutions to a number of combinatorial problems. This paper reports on the use of this method applied to the Quadratic Assignment Problem (i.e. the assignment of inter-communicating objects to locations to minimize the total cost of communication between them). The result is a much-improved annealing scheme for this problem which performs well on a range of examples, finding improved solutions for several of the largest problems available in the literature and requiring only modest amounts of computational effort.}
}

@article{gambardella1999ant,
     jstor_articletype = {research-article},
     title = {Ant Colonies for the Quadratic Assignment Problem},
     author = {Gambardella, L.M. and Taillard, E.D. and Dorigo, M.},
     journal = {J. the Operational Research Soc.},
     volume = {50},
     number = {2},
     jstor_formatteddate = {Feb., 1999},
     pages = {pp. 167-176},
     ISSN = {01605682},
     abstract = {This paper presents HAS-QAP, a hybrid ant colony system coupled with a local search, applied to the quadratic assignment problem. HAS-QAP uses pheromone trail information to perform modifications on QAP solutions, unlike more traditional ant systems that use pheromone trail information to construct complete solutions. HAS-QAP is analysed and compared with some of the best heuristics available for the QAP: two versions of tabu search, namely, robust and reactive tabu search, hybrid genetic algorithm, and a simulated annealing method. Experimental results show that HAS-QAP and the hybrid genetic algorithm perform best on real world, irregular and structured problems due to their ability to find the structure of good solutions, while HAS-QAP performance is less competitive on random, regular and unstructured problems.},
     language = {English},
     year = {1999},
     publisher = {Palgrave Macmillan Journals on behalf of the Operational Research Society},
     copyright = {Copyright Â© 1999 Operational Research Society},
    }

@ARTICLE{wu2011computation, 
author={Wu, X. and Mittelmann, H.D. and Wang, X. and Wang. J.}, 
journal=IEEE_J_COM, 
title={On Computation of Performance Bounds of Optimal Index Assignment}, 
year={2011}, 
month={December}, 
volume={59}, 
number={12}, 
pages={3229-3233}, 
keywords={channel coding;optimisation;source coding;NP-complete class;QAP research;channel distortion;channel-optimized index assignment;optimal index assignment;performance bounds;quadratic assignment problem;source codewords;transmission error resilience;Data compression;Heuristic algorithms;Indexing;Matrix decomposition;Optimization;Quadratic programming;Symmetric matrices;Upper bound;Index assignment;error resilience;quadratic assignment;quantization;relaxation;semidefinite programming}, 
doi={10.1109/TCOMM.2011.081111.100300}, 
ISSN={0090-6778},}

@ARTICLE{hochwald2003achieving, 
author={Hochwald, B.M. and Brink, S.T.}, 
journal=IEEE_J_COM, 
title={Achieving near-capacity on a multiple-antenna channel}, 
year={2003}, 
month={Mar.}, 
volume={51}, 
number={3}, 
pages={389-399}, 
keywords={antenna arrays;antenna theory;channel capacity;channel coding;convolutional codes;fading channels;iterative decoding;signal detection;turbo codes;channel capacities;channel codes;iterative processing;linear space-time mapping;multiple-antenna channel;near-capacity systems;sphere decoder;turbo codes;Channel capacity;Convolutional codes;Design optimization;Detectors;Diversity reception;Fading;Iterative decoding;Receiving antennas;Redundancy;Turbo codes}, 
doi={10.1109/TCOMM.2003.809789}, 
ISSN={0090-6778},}

@ARTICLE{cheng2006coding, 
author={Cheng, J.F.}, 
journal=IEEE_J_COM, 
title={{Coding performance of hybrid ARQ schemes}}, 
year={2006}, 
month={Jun.}, 
volume={54}, 
number={6}, 
pages={1017-1029}, 
keywords={automatic repeat request;channel coding;decoding;fading channels;interleaved codes;time-varying channels;turbo codes;Chase combining;SNR;bit-interleaved coded modulations;codeword error rates;fixed-rate mother codes;hybrid ARQ schemes;hybrid automatic repeat request;incremental redundancy;self-decodability restriction;signal-to-noise;symbol-based coded modulations;time-varying fading;turbo codes;Analytical models;Automatic repeat request;Error analysis;Interleaved codes;Measurement;Modulation coding;Performance analysis;Redundancy;Signal analysis;Turbo codes;Block fading channels;channel coding;hybrid automatic repeat request (HARQ);turbo codes;woreless communication systems}, 
doi={10.1109/TCOMM.2006.876846}, 
ISSN={0090-6778},}

@INPROCEEDINGS{panasonic2001enhanced, 
    author={}, 
    booktitle={{3rd Generation Partnership Project (3GPP), Technical Specification TSGR1\#19(01)0237}}, 
    title={{Enhanced HARQ Method with Signal Constellation Rearrangement}}, 
    year={2001}, 
    month={Mar.}, 
}

@article{li1994lower,
  title={Lower bounds for the quadratic assignment problem},
  author={Li, Yong and Pardalos, PM and Ramakrishnan, KG and Resende, MGC},
  journal={Annals of Operations Research},
  volume={50},
  number={1},
  pages={387--410},
  year={1994},
  publisher={Springer}
}